<collection>
<record>
<leader>09126cpcaa22009377a 4500</leader>
<controlfield tag="001">16971451</controlfield>
<controlfield tag="005">20231122140654.0</controlfield>
<controlfield tag="008">110921i19232015xx eng </controlfield>
<datafield ind1=" " ind2=" " tag="906">
<subfield code="a">7</subfield>
<subfield code="b">cbc</subfield>
<subfield code="c">orignew</subfield>
<subfield code="d">u</subfield>
<subfield code="e">ncip</subfield>
<subfield code="f">20</subfield>
<subfield code="g">y-folklife</subfield>
</datafield>
<datafield ind1=" " ind2=" " tag="955">
<subfield code="a">mkru 2011-09-21;</subfield>
<subfield code="a">mseg 2013-01-07</subfield>
<subfield code="a">mseg 2013-03-14</subfield>
<subfield code="a">mseg 2013-08-20</subfield>
<subfield code="a">mseg 2013-09-11</subfield>
<subfield code="a">mseg 2014-08-12</subfield>
<subfield code="a">mseg 2014-08-25</subfield>
<subfield code="a">mkru 2016-04-26</subfield>
<subfield code="a">mseg 2016-10-18</subfield>
<subfield code="a">mkru 2016-11-01</subfield>
<subfield code="a">mseg 2016-12-14</subfield>
<subfield code="a">mseg 2017-02-01</subfield>
<subfield code="a">mseg 2017-09-24</subfield>
<subfield code="a">mkru 2017-10-10</subfield>
<subfield code="a">mseg 2018-09-21</subfield>
<subfield code="a">mseg 2021-06-09</subfield>
<subfield code="a">mseg 2023-08-03</subfield>
<subfield code="a">fcundiff 2023-11-09</subfield>
<subfield code="a">masmit 2023-11-22</subfield>
</datafield>
<datafield ind1=" " ind2=" " tag="010">
<subfield code="a"> 2011655405</subfield>
</datafield>
<datafield ind1=" " ind2=" " tag="040">
<subfield code="a">DLC</subfield>
<subfield code="c">DLC</subfield>
<subfield code="e">dacs</subfield>
<subfield code="d">DLC</subfield>
<subfield code="d">DLC</subfield>
</datafield>
<datafield ind1=" " ind2=" " tag="041">
<subfield code="a">eng</subfield>
<subfield code="d">eng</subfield>
<subfield code="d">gla</subfield>
<subfield code="d">gle</subfield>
<subfield code="d">wel</subfield>
</datafield>
<datafield ind1=" " ind2=" " tag="043">
<subfield code="a">n-us---</subfield>
<subfield code="a">n-us-ky</subfield>
<subfield code="a">e-uk---</subfield>
</datafield>
<datafield ind1=" " ind2=" " tag="090">
<subfield code="a">
RAA 58306-58377, RAA 60538-60549, RAA 62890-62891, RAA 63962-63963 (10 in. sound tape reels); RXH 1237-1243, RXH 1265-1676, RXH 5263-5327, RXH 7742-7746, RXH 7827, RXI 6112 (7 in. sound tape reels); RVA 2198 (sound only VHS); VAP 0882-0962, VAP 0964-0965; VBV 3683-3800; VRA 4293-4297 (video reels); WIRE 00880-00887
</subfield>
</datafield>
<datafield ind1=" " ind2=" " tag="090">
<subfield code="a">AFC 2008/005</subfield>
</datafield>
<datafield ind1="0" ind2="0" tag="245">
<subfield code="a">Jean Ritchie and George Pickow collection,</subfield>
<subfield code="f">1923-2015.</subfield>
</datafield>
<datafield ind1=" " ind2=" " tag="300">
<subfield code="3">whole collection</subfield>
<subfield code="a">78,521</subfield>
<subfield code="f">items</subfield>
</datafield>
<datafield ind1=" " ind2=" " tag="300">
<subfield code="3">whole collection</subfield>
<subfield code="a">119</subfield>
<subfield code="f">containers</subfield>
</datafield>
<datafield ind1=" " ind2=" " tag="300">
<subfield code="3">whole collection</subfield>
<subfield code="a">108</subfield>
<subfield code="f">linear feet</subfield>
</datafield>
<datafield ind1=" " ind2=" " tag="300">
<subfield code="3">manuscripts</subfield>
<subfield code="a">41,650</subfield>
<subfield code="f">sheets</subfield>
</datafield>
<datafield ind1=" " ind2=" " tag="300">
<subfield code="3">sound recordings</subfield>
<subfield code="a">7 sound wire reels :</subfield>
<subfield code="b">analog ;</subfield>
<subfield code="c">3 in.</subfield>
</datafield>
<datafield ind1=" " ind2=" " tag="300">
<subfield code="3">sound recordings</subfield>
<subfield code="a">approximately 642 sound tape reels :</subfield>
<subfield code="b">analog ;</subfield>
<subfield code="c">various sizes</subfield>
</datafield>
<datafield ind1=" " ind2=" " tag="300">
<subfield code="3">sound recordings</subfield>
<subfield code="a">1 sound-only videocassette (VHS)</subfield>
</datafield>
<datafield ind1=" " ind2=" " tag="300">
<subfield code="3">moving images</subfield>
<subfield code="a">approximately 766 film elements :</subfield>
<subfield code="b">black and white, color ;</subfield>
<subfield code="c">various sizes</subfield>
</datafield>
<datafield ind1=" " ind2=" " tag="300">
<subfield code="3">moving images</subfield>
<subfield code="a">approximately 255 videocassettes ;</subfield>
<subfield code="c">various sizes</subfield>
</datafield>
<datafield ind1=" " ind2=" " tag="300">
<subfield code="3">graphic materials</subfield>
<subfield code="a">
approximately 35,000 photographs, various formats :
</subfield>
<subfield code="b">black and white, color ;</subfield>
<subfield code="c">various sizes</subfield>
</datafield>
<datafield ind1=" " ind2=" " tag="300">
<subfield code="3">artifacts</subfield>
<subfield code="a">1</subfield>
<subfield code="f">award</subfield>
</datafield>
<datafield ind1=" " ind2=" " tag="300">
<subfield code="3">artifacts</subfield>
<subfield code="a">approximately 100</subfield>
<subfield code="f">lanyards</subfield>
</datafield>
<datafield ind1=" " ind2=" " tag="300">
<subfield code="3">artifacts</subfield>
<subfield code="a">approximately 100</subfield>
<subfield code="f">buttons</subfield>
</datafield>
<datafield ind1=" " ind2=" " tag="300">
<subfield code="3">artifacts</subfield>
<subfield code="a">1 Appalachian dulcimer ;</subfield>
<subfield code="c">length 808 mm</subfield>
</datafield>
<datafield ind1="2" ind2=" " tag="520">
<subfield code="a">
Papers, sound recordings, film, video, and photographs created by and documenting the careers of folksinger and folklorist, Jean Ritchie and her husband, photographer and filmmaker, George Pickow from the 1940s to 2000. Includes sound and video recordings of folk music, folk songs, folk tales, beliefs, conversations, and family stories of Jean Ritchie, her siblings, and extended family from Viper, Kentucky; Appalachian storytelling by Richard Chase, Cratis Williams and others; documentation of church services, sermons, and hymns in Kentucky. Includes documentation of Jean Ritchie's recording career at lectures, folklore seminars, festivals, concerts, and on radio broadcasts; Ritchie and Pickow's field recordings made in England, Scotland, Northern Ireland, and Ireland of performers including Jeannie Robertson, Hamish Henderson, Seamus Ennis, Francis McPeake, Michael Cronin, Isla Cameron, A. L. Lloyd, Ewan MacColl, Sarah Makem, and others. Includes photographs and film taken at various locations in the United States by George Pickow and recordings of many American performers including Dave Sear, Sam Eskin, Oscar Brand, Bessie Jones, and many others.
</subfield>
</datafield>
<datafield ind1="2" ind2=" " tag="520">
<subfield code="a">
One of Jean Ritchie's dulcimers and materials from her memorial service, June 14, 2015, were donated by her son Peter Pickow in 2015. This dulcimer was made by J. Edward Thomas of Bath, Knott County, Kentucky, 1923 November 16; it is described in L. Allen Smith, A Catalogue of Pre-Revival Appalachian Dulcimers (Columbia and London: University of Missouri Press, 1983), no. E8, p. 85.
</subfield>
</datafield>
<datafield ind1="8" ind2=" " tag="524">
<subfield code="a">
Jean Ritchie and George Pickow collection (AFC 2008/005), American Folklife Center, Library of Congress, Washington, D.C.
</subfield>
</datafield>
<datafield ind1="0" ind2=" " tag="506">
<subfield code="a">
Collection is open for research. Access to recordings may be restricted. To request materials, please contact the Folklife Reading Room at
</subfield>
<subfield code="u">https://hdl.loc.gov/loc.afc/folklife.contact</subfield>
</datafield>
<datafield ind1=" " ind2=" " tag="540">
<subfield code="a">
Duplication of the collection materials may be governed by copyright and other restrictions.
</subfield>
</datafield>
<datafield ind1=" " ind2=" " tag="541">
<subfield code="a">Jean Ritchie and George Pickow;</subfield>
<subfield code="c">Purchase;</subfield>
<subfield code="d">2008-2011.</subfield>
</datafield>
<datafield ind1=" " ind2=" " tag="541">
<subfield code="a">Pickow Family Trust;</subfield>
<subfield code="d">2013.</subfield>
</datafield>
<datafield ind1=" " ind2=" " tag="541">
<subfield code="a">Peter Pickow;</subfield>
<subfield code="c">Donation;</subfield>
<subfield code="d">2015.</subfield>
</datafield>
<datafield ind1=" " ind2=" " tag="545">
<subfield code="a">
Jean Ritchie was born December 8, 1922 in Viper, Kentucky, the youngest of 14 in a family of singers and musicians. She attended Cumberland Junior College and later the University of Kentucky; at the latter she graduated Phi Beta Kappa in 1946, with a B.A. in social work. She taught children music at Henry Street Settlement in New York City, and it was there that she met Alan Lomax, who recorded her for the Archive of American Folk Song in 1951. Jean Ritchie was involved in the folk music scene, performing with numerous others including Woody Guthrie and Oscar Brand. She married George Pickow in 1950, and together they built her career. They traveled together during Jean's Fulbright award year abroad in 1952-1953, as she recorded folk singers in Great Britain and Ireland, such as Seamus Ennis; and documented folk customs such as the May Day hobby horse (Obby Oss) in Padstow, Cornwall. Jean was a published author (among her best known works is her memoir and songbook Singing Family of the Cumberlands (1955), about her own family and their musical legacy. She recorded over thirty albums, performed with countless individuals and groups over the span of a 50-plus year career, popularized the dulcimer (she and George had a dulcimer-manufacturing business), served on the board of the Newport Folk Festival (circa 1963), and received a National Endowment for the Arts National Heritage Fellowship (2002). She earned high regard and praise both in the U.S. and abroad as a folklorist and authentic representative of Appalachian music traditions. She died June 1, 2015 in Berea, Kentucky.
</subfield>
</datafield>
<datafield ind1=" " ind2=" " tag="545">
<subfield code="a">
George Pickow, born in Los Angeles, California, in 1922 and raised in Brooklyn, New York, began his career in photography in the 1940s after studying painting at Cooper Union, in New York. He built his career working for the Three Lions photo agency, publishing stock photos for magazines as varied as Look, National Geographic, The Rotarian, Today's Health, and various "true stories"-styled detective magazines. He worked as a documentary filmmaker in various roles (both in front of the camera and behind it, as a director), most notably for "Festival" and documentaries on the British May Day and Padstow hobby horse traditions. In the 1950s he worked with Paddy Clancy and Lou Gordon as presenters of Swapping Song Fair, which began as rent-raising midnight shows at Cherry Lane Theatre. With Jean he ran the dulcimer-making business (his uncle made the dulcimers) and the recording label Greenhays. He photographed Jean as well as many of her contemporaries (Woody Guthrie, Doc Watson, and Mary Travers, among others), and his photos also illustrated many of Jean's books. He photographed dozens of album covers for the popular stereophonic albums of the 1950s, as well as for Jean's albums. He died in 2010.
</subfield>
</datafield>
<datafield ind1=" " ind2=" " tag="546">
<subfield code="a">
Sound recordings in English, Scottish Gaelic, Irish, Welsh, and other languages.
</subfield>
</datafield>
<datafield ind1="0" ind2=" " tag="555">
<subfield code="a">Finding aid is available online</subfield>
<subfield code="u">https://hdl.loc.gov/loc.afc/eadafc.af016008</subfield>
</datafield>
<datafield ind1="1" ind2="0" tag="600">
<subfield code="a">Ritchie, Jean</subfield>
<subfield code="x">Ethnomusicological collections.</subfield>
</datafield>
<datafield ind1="1" ind2="0" tag="600">
<subfield code="a">Pickow, George</subfield>
<subfield code="x">Ethnomusicological collections.</subfield>
</datafield>
<datafield ind1=" " ind2="0" tag="650">
<subfield code="a">Folk music</subfield>
<subfield code="z">Kentucky.</subfield>
</datafield>
<datafield ind1=" " ind2="0" tag="650">
<subfield code="a">Folk singers</subfield>
<subfield code="z">Kentucky.</subfield>
</datafield>
<datafield ind1=" " ind2="0" tag="650">
<subfield code="a">Folk songs, English</subfield>
<subfield code="z">Kentucky.</subfield>
</datafield>
<datafield ind1=" " ind2="0" tag="650">
<subfield code="a">Hymns, English</subfield>
<subfield code="z">Kentucky.</subfield>
</datafield>
<datafield ind1=" " ind2="0" tag="650">
<subfield code="a">Folklore</subfield>
<subfield code="z">Kentucky.</subfield>
</datafield>
<datafield ind1=" " ind2="0" tag="650">
<subfield code="a">Folk music</subfield>
<subfield code="z">United States.</subfield>
</datafield>
<datafield ind1=" " ind2="0" tag="650">
<subfield code="a">Folklorists</subfield>
<subfield code="z">United States.</subfield>
</datafield>
<datafield ind1=" " ind2="0" tag="650">
<subfield code="a">Folklorists</subfield>
<subfield code="z">Great Britain.</subfield>
</datafield>
<datafield ind1=" " ind2="0" tag="650">
<subfield code="a">Folk music</subfield>
<subfield code="z">Scotland.</subfield>
</datafield>
<datafield ind1=" " ind2="0" tag="650">
<subfield code="a">Folk songs, Scottish Gaelic</subfield>
<subfield code="z">Scotland.</subfield>
</datafield>
<datafield ind1=" " ind2="0" tag="650">
<subfield code="a">Folk music</subfield>
<subfield code="z">Northern Ireland.</subfield>
</datafield>
<datafield ind1=" " ind2="0" tag="650">
<subfield code="a">Folk music</subfield>
<subfield code="z">Ireland.</subfield>
</datafield>
<datafield ind1=" " ind2="0" tag="650">
<subfield code="a">Folk songs, Irish</subfield>
<subfield code="z">Northern Ireland.</subfield>
</datafield>
<datafield ind1=" " ind2="0" tag="650">
<subfield code="a">Folk music</subfield>
<subfield code="z">England.</subfield>
</datafield>
<datafield ind1=" " ind2="0" tag="650">
<subfield code="a">Folklore</subfield>
<subfield code="z">England.</subfield>
</datafield>
<datafield ind1=" " ind2="0" tag="650">
<subfield code="a">Folk festivals.</subfield>
</datafield>
<datafield ind1=" " ind2="0" tag="650">
<subfield code="a">Appalachian dulcimer music.</subfield>
</datafield>
<datafield ind1=" " ind2="0" tag="650">
<subfield code="a">Appalachian dulcimer</subfield>
<subfield code="z">Kentucky</subfield>
<subfield code="z">Knott County.</subfield>
</datafield>
<datafield ind1=" " ind2="0" tag="650">
<subfield code="a">Storytelling</subfield>
<subfield code="z">Appalachian Region.</subfield>
</datafield>
<datafield ind1=" " ind2="0" tag="650">
<subfield code="a">Field recordings</subfield>
<subfield code="z">United States.</subfield>
</datafield>
<datafield ind1=" " ind2="0" tag="650">
<subfield code="a">Field recordings</subfield>
<subfield code="z">Great Britain.</subfield>
</datafield>
<datafield ind1=" " ind2="0" tag="651">
<subfield code="a">Kentucky</subfield>
<subfield code="x">Social life and customs.</subfield>
</datafield>
<datafield ind1=" " ind2="0" tag="651">
<subfield code="a">Appalachian Region</subfield>
<subfield code="x">Social life and customs.</subfield>
</datafield>
<datafield ind1=" " ind2="7" tag="655">
<subfield code="a">Field recordings.</subfield>
<subfield code="2">lcgft</subfield>
</datafield>
<datafield ind1=" " ind2="7" tag="655">
<subfield code="a">Manuscripts.</subfield>
<subfield code="2">aat</subfield>
</datafield>
<datafield ind1=" " ind2="7" tag="655">
<subfield code="a">Sound recordings.</subfield>
<subfield code="2">aat</subfield>
</datafield>
<datafield ind1=" " ind2="7" tag="655">
<subfield code="a">Video recordings.</subfield>
<subfield code="2">aat</subfield>
</datafield>
<datafield ind1=" " ind2="7" tag="655">
<subfield code="a">Film.</subfield>
<subfield code="2">aat</subfield>
</datafield>
<datafield ind1=" " ind2="7" tag="655">
<subfield code="a">Photographs.</subfield>
<subfield code="2">aat</subfield>
</datafield>
<datafield ind1=" " ind2="7" tag="655">
<subfield code="a">Musical instruments.</subfield>
<subfield code="2">lcsh</subfield>
</datafield>
<datafield ind1="1" ind2=" " tag="700">
<subfield code="a">Ritchie, Jean,</subfield>
<subfield code="e">collector,</subfield>
<subfield code="e">performer.</subfield>
</datafield>
<datafield ind1="1" ind2=" " tag="700">
<subfield code="a">Pickow, George,</subfield>
<subfield code="e">collector,</subfield>
<subfield code="e">photographer.</subfield>
</datafield>
<datafield ind1=" " ind2=" " tag="852">
<subfield code="a">Library of Congress</subfield>
<subfield code="b">American Folklife Center,</subfield>
<subfield code="e">
101 Independence Ave. S.E., Washington, DC USA 20540-4610
</subfield>
<subfield code="u">https://hdl.loc.gov/loc.afc/folklife.home</subfield>
</datafield>
<datafield ind1="4" ind2="2" tag="856">
<subfield code="3">Finding aid</subfield>
<subfield code="u">https://hdl.loc.gov/loc.afc/eadafc.af016008</subfield>
</datafield>
<datafield ind1=" " ind2=" " tag="985">
<subfield code="a">afc/coll</subfield>
</datafield>
<datafield ind1=" " ind2=" " tag="985">
<subfield code="a">afc/ead</subfield>
</datafield>
</record>
</collection>